@misc{usdoe2010,
  author       = {{U.S. Department of Education}},
  title        = {Federal Student Aid Annual Report 2010},
  year         = {2010},
  institution  = {U.S. Department of Education},
  address      = {Washington, D.C.},
  howpublished = {\url{https://studentaid.gov/sites/default/files/fsa_annual_report_2009.pdf}}
}

@misc{usdoe2012,
  author       = {{U.S. Department of Education}},
  title        = {Federal Family Education Loan Program: Annual Reports and Data},
  year         = {2012},
  institution  = {Federal Student Aid},
  howpublished = {\url{https://studentaid.gov}}
}

@misc{usdoe2023,
  author       = {{U.S. Department of Education}},
  title        = {National Student Loan Data System -- Catalog},
  year         = {2023},
  institution  = {Data.gov},
  howpublished = {\url{https://catalog.data.gov/dataset/national-student-loan-data-system-722b0}}
}
